@misc{AmazonGO主页,
title = {AmazonGO主页},
year={2017},
howpublished = {\url{https://www.amazon.com/go}}
}

@misc{AmazonGO专利,
title = {AmazonGO专利},
year={2015},
howpublished = {\url{http://appft.uspto.gov/netacgi/nph-Parser?Sect1=PTO2&Sect2=HITOFF&u=%2Fnetahtml%2FPTO%2Fsearch-adv.html&r=1&p=1&f=G&l=50&d=PG01&S1=(Steven.IN.+AND+Kessel.IN.)&OS=IN/Steven+and+IN/Kessel&RS=(IN/Steven+AND+IN/Kessel)}}
}

@article{徐印州2017新零售的产生与演进,
  title={新零售的产生与演进},
  author={徐印州 and 林梨奎},
  journal={商业经济研究},
  number={15},
  year={2017},
}


